2850 4920
275 326 500 392 OONQUESTIO
519 324 686 380 HEINRICI
704 327 752 380 IV.
770 326 1023 383 IMPERATORIS.
1169 325 1203 377 27

172 500 242 568 Nec
262 499 360 565 vincit
380 499 484 586 pietas
505 520 565 564 nec
585 498 666 584 legis
688 521 764 563 cura
783 521 843 564 nec
865 507 962 581 aetas,

173 586 218 650 Et
238 594 315 650 tunc
336 583 477 666 consilio,
500 585 527 647 si
548 585 608 668 vis,
630 584 763 735 iuniore
783 593 933 670 paterno:

174 669 356 736 Sueuulusa
376 676 408 733 et
430 667 516 733 Saxo
538 669 650 755 procul
672 693 691 734 a
715 671 829 733 sistant
849 668 924 733 tibi!
970 666 1058 732 Saxo

172 755 301 820 Perfida
344 775 401 817 ens
422 776 513 836 vere,
535 777 593 840 per
614 775 668 818 eos
690 752 782 818 multi
803 753 925 839 periere

33 908 36 929 ἱ
84 855 141 904 100
171 839 299 905 Fraude
321 775 395 903 ioli.
438 837 535 902 Pater
555 839 625 923 ipse
647 837 713 923 poli
734 845 846 927 parcat
866 836 926 902 tibi
947 836 1015 921 soli,

33 942 35 951 ·
69 946 72 951 ’
173 924 223 989 Ne
244 933 373 1010 raptum
394 944 453 1008 per
474 945 539 1004 eos,
559 945 618 1009 per
640 945 694 987 eos
717 921 792 1012 [tel]
817 922 968 1008 surripiat
989 943 1086 986 mors.

172 1009 259 1074 Hinc
280 1016 375 1090 ortor,
398 1005 452 1089 fili,
476 1008 503 1070 si
527 1008 633 1094 queris
656 1006 772 1092 dignus
793 1005 913 1088 haberi,

174 1091 266 1158 Sicut
286 1100 449 1179 serpentes
471 1093 604 1156 istorum
625 1093 775 1178 prospice
795 1090 934 1156 fraudes.

172 1177 292 1260 Queso,
314 1177 386 1263 quis
407 1175 526 1241 inlesus
548 1176 694 1240 discessit
714 1175 755 1240 ab
778 1175 826 1240 his
848 1176 910 1238 nisi
930 1174 1061 1241 lesus⁰l

33 1262 35 1267 ’
85 1278 143 1327 1οὸ
173 1260 274 1326 Omni
295 1269 455 1326 momento
477 1259 557 1324 tales
578 1261 680 1325 vitare
702 1269 860 1324 memento

33 1368 36 1373 ·
172 1346 218 1411 Et
237 1347 360 1433 patrios
381 1345 489 1410 hostes
510 1344 595 1430 fuge,
616 1354 701 1429 nate,
723 1353 795 1408 tuos
817 1344 913 1409 velud
934 1346 1051 1410 hostes.

172 1429 346 1496 Provideat
366 1430 536 1512 Dominus,
560 1431 587 1494 si
630 1430 680 1494 uis
699 1429 795 1493 fuerit
815 1428 873 1493 tibi
895 1439 998 1513 natus,

173 1514 220 1579 Ut
240 1524 277 1580 tu
298 1537 359 1599 me,
381 1537 422 1580 ne
443 1523 475 1579 te
497 1515 592 1578 simili
655 1521 764 1599 mpnet
785 1514 916 1578 ratione.

173 1599 260 1664 Proh
282 1599 387 1664 dolor!
410 1599 520 1664 infelix
542 1621 602 1684 ego
625 1597 785 1685 quondam
807 1600 968 1662 maximus
990 1599 1076 1664 orbis

87 1700 144 1749 110
174 1683 246 1749 Rex
267 1693 299 1749 et
321 1706 410 1749 cesar
431 1696 546 1766 eram1,
569 1682 729 1770 magnalia
750 1684 819 1746 iura
839 1682 1001 1767 regebam,

175 1767 290 1833 Nunc(¹
311 1769 408 1834 miser
429 1777 461 1833 et
481 1790 614 1855 pauper,
636 1789 700 1832 non
722 1776 771 1832 est
791 1767 889 1831 mihi⁰
912 1767 1005 1832 vilior
1025 1767 1112 1832 alter.

173 1853 215 1917 Ei
236 1853 330 1918 mihi!
355 1852 433 1940 quid
452 1853 593 1917 faciam?
615 1874 678 1940 quo
701 1875 752 1918 me
774 1853 920 1917 vertam?
941 1855 992 1917 cui
1014 1851 1167 1917 credam?

177 1936 239 2002 Oui
259 1938 349 2003 fuero
371 1959 474 2019 carus,
496 1946 590 2002 natus
611 1937 690 2000 mihi
712 1959 784 2002 cum
807 1937 849 2000 sit
870 1939 1020 2002 amarus?

176 2020 255 2086 Sum
276 2022 372 2088 velud
393 2021 533 2104 orbatus,
556 2044 752 2109 quamquam
774 2023 863 2086 vivat
884 2022 962 2085 mihi
983 2030 1086 2088 natus.

75 2123 142 2172 -115
173 2105 296 2172 Vellem
318 2129 415 2194 posse
436 2107 525 2188 mori,
550 2108 595 2170 sic
617 2108 662 2169 sic
682 2106 842 2191 parcendo
864 2105 992 2173 labori„

173 2191 266 2274 Nate,
288 2214 410 2278 precor,
431 2200 505 2256 nate
527 2191 645 2255 frustra
665 2191 744 2254 mihi
766 2214 841 2277 sepe
863 2200 985 2275 vocate,

175 2274 362 2361 Spernendo
383 2285 509 2363 patrem
531 2298 588 2341 cur
609 2276 807 2362 contempnis
828 2277 1002 2361 pietatem?

174 2359 277 2425 Immo
299 2359 483 2426 Creatorem
506 2361 628 2443 timeas,
652 2360 707 2448 qui
729 2382 801 2424 cum
822 2369 914 2446 patre
936 2368 1069 2424 matrem
1216 2389 1369 2437 nasson,

174 2443 274 2509 Iussit
293 2445 442 2510 honorari
463 2469 521 2531 pre
542 2446 663 2509 cunctis
685 2452 717 2510 et
738 2445 883 2510 venerari
892 2456 913 2508 ².

89 2544 144 2594 120
174 2529 301 2594 Vilibus
323 2552 365 2595 ex
386 2529 482 2595 rebus
503 2551 588 2593 nunc
610 2527 792 2614 exemplum
813 2530 991 2615 capiamus:

174 2615 301 2701 Inspice
321 2624 453 2679 naturas
475 2635 626 2699 pecorum
646 2615 769 2678 ratione
791 2622 964 2696 carentum,

175 2698 267 2780 Quae
288 2720 358 2764 sese
378 2699 461 2764 natis
482 2701 619 2784 iungtmt
640 2705 672 2762 et
693 2707 839 2762 amantur
860 2697 901 2763 ab
922 2696 999 2780 illis,

176 2783 303 2865 Quanto
325 2784 485 2870 magistu
506 2806 566 2867 me,
589 2805 661 2847 cum
682 2781 825 2867 fimgaris
847 2783 979 2867 ratione,

175 2868 239 2950 Qui
261 2870 412 2952 generavi
433 2876 474 2953 te,
496 2868 632 2934 nutrivit
652 2866 809 2952 religiose.

90 3030 115 3085 ι)
130 3033 164 3074 hit
178 3037 197 3072 et
217 3044 306 3083 sequtus
321 3045 397 3074 versuo
411 3039 430 3073 ct
446 3045 465 3075 v.
485 3036 533 3075 111.
551 3035 600 3076 112.
617 3035 666 3075 141.
685 3033 733 3074 142.
749 3033 855 3072 immutati
870 3044 894 3072 ec
910 3032 979 3071 codice
994 3030 1124 3082 stabulensi,
1146 3042 1205 3071 nunc

91 3092 162 3133 Furti
176 3093 309 3133 Brittannici
324 3105 358 3133 nr.
376 3095 447 3134 16606
464 3093 501 3144 (cs.
518 3094 552 3136 ιΝ.
568 3093 654 3133 Aretiv'
670 3094 710 3142 IV,
723 3105 747 3143 p.
764 3093 823 3144 956),
838 3104 893 3132 racc.
911 3091 962 3139 XII,
974 3092 995 3142 f.
1013 3092 1068 3132 112‘.
1090 3091 1142 3130 editi
1156 3096 1209 3131 aaut

91 3163 107 3194 a
122 3151 220 3193 Martem
235 3156 254 3193 et
269 3153 371 3201 norant,
388 3153 483 3193 Oottectio
500 3154 518 3203 I,
534 3154 573 3196 cot.
589 3154 639 3206 699,
656 3153 704 3193 inde
719 3153 803 3202 repetiti
819 3152 867 3194 MG.
883 3150 922 3195 SS.
943 3151 979 3204 VI,
992 3162 1016 3201 p.
1033 3152 1083 3198 669,
1099 3161 1121 3192 n.
1138 3151 1179 3192 at.-

220 3214 346 3266 Versus
364 3214 525 3264 Heinrici
544 3214 761 3280 imperatoris
781 3213 823 3263 ad
841 3213 955 3264 filium
974 3227 1076 3262 suum.

286 3286 342 3326 Sum
358 3289 468 3336 quoniam
483 3298 579 3338 pauper,
595 3299 641 3328 non
658 3291 692 3327 est
707 3298 744 3327 me
760 3286 830 3325 vilior
846 3287 912 3327 alter.

283 3347 335 3386 Heu
350 3347 419 3386 mihil
435 3347 491 3396 quid
506 3346 609 3387 faciam?
624 3358 669 3396 quo
685 3357 721 3386 me
737 3345 842 3386 vertam?
859 3347 896 3386 cui
911 3346 1019 3387 credam?

283 3406 397 3447 Suevulus
413 3409 437 3446 et
453 3405 514 3446 Saxo
531 3407 660 3447 concedunt
675 3417 737 3446 nunc
752 3405 795 3445 tibi
811 3405 878 3458 falso,

283 3466 378 3508 Perfida
393 3476 450 3514 gans
466 3476 528 3517 vera,
543 3476 586 3515 per
601 3476 670 3515 quarn
686 3465 753 3506 multi
768 3467 868 3514 periere.

284 3526 372 3574 Quodsi
388 3525 501 3577 depellor,
518 3528 541 3565 et
556 3528 581 3564 tu
596 3525 700 3578 pelleris,
716 3529 740 3565 et
755 3535 820 3564 error

284 3585 355 3625 Peior
370 3585 414 3625 erit
428 3585 509 3634 prlmo.
539 3584 572 3624 Mi
588 3583 630 3636 nli,
646 3584 713 3624 dulce
729 3586 823 3625 caveto!

92 3640 117 3696 b)
138 3644 193 3684 deest
213 3655 247 3693 e.,·
266 3644 371 3694 supplevit
397 3642 459 3685 Watt.
526 3640 547 3700 c)
567 3648 693 3693 corruptum
711 3644 808 3692 videtum·
824 3642 907 3683 savus?
967 3643 991 3695 d)
1012 3643 1039 3692 cf.
1058 3653 1132 3682 varrus
1152 3654 1175 3684 rt.
1196 3651 1210 3680 a

91 3703 178 3744 auitos.
253 3702 275 3756 e)
292 3715 328 3744 me
341 3702 540 3754 properarunt,
561 3707 580 3742 tt
595 3703 627 3742 tto
641 3714 716 3742 versus
731 3714 754 3742 rt.
770 3714 784 3742 a
799 3704 892 3752 citatum
911 3703 947 3742 sed
962 3703 990 3752 cs.
1005 3714 1025 3743 v.
1042 3703 1078 3742 87.
1153 3701 1208 3753 ota

92 3762 143 3804 adt.
160 3775 176 3804 c.
184 3773 192 3812 ,·
209 3763 304 3812 primum
324 3763 426 3813 eructum
441 3762 498 3802 voris
513 3762 623 3811 religiose
635 3767 702 3813 poeta
714 3763 793 3813 procul
807 3763 871 3802 dubio
887 3763 973 3812 tortuosa
987 3761 1109 3811 usurpauit,
1126 3766 1149 3801 at
1165 3762 1209 3800 iam

92 3822 179 3872 σαίρω·
192 3827 270 3873 poetae
284 3827 350 3862 metro
365 3821 440 3864 coorti.

94 3964 122 4033 1)
141 3963 225 4017 Poeta
243 3965 346 4019 neuim
367 3966 470 4018 uidetur
488 3966 651 4034 epitaphium
670 3965 793 4018 Lotharii
811 3965 984 4033 imperatoris,
1005 3964 1079 4016 ouius
1099 3962 1204 4016 initium

84 4040 111 4106 s.
135 4041 195 4091 102.
215 4038 331 4094 eiusdem
350 4039 453 4105 codicis,
473 4041 518 4107 qui
537 4041 585 4093 hoc
604 4058 710 4093 carmen
728 4042 847 4105 continet,
868 4047 970 4092 enatat:

369 4115 469 4167 Caesar
486 4121 576 4167 tantus
596 4133 655 4167 eras
676 4124 791 4183 quantus
811 4121 837 4167 et
856 4117 936 4168 orbis.

93 4186 122 4254 2)
143 4186 181 4253 Cf.
203 4187 262 4240 Vita
274 4186 396 4240 Heinrici
409 4207 429 4241 c.
448 4191 494 4241 ll:
515 4191 568 4241 Cur
582 4207 644 4257 ergo
658 4193 743 4258 magis
762 4191 838 4241 audis
858 4207 903 4241 eos
923 4189 967 4258 qui
986 4189 1034 4239 tibi
1053 4192 1210 4253 suggerunt:

93 4260 263 4327 ‘Persequere
291 4268 392 4329 patrem
421 4267 502 4316 tuum'
530 4281 608 4331 quam
632 4267 741 4318 verbum
765 4267 847 4332 ipsius
873 4266 937 4315 Dei:
965 4263 1085 4314 ‘Honora
1109 4269 1211 4328 patrem

91 4335 194 4388 tuum’?
