2850 4920
119 1419 447 1512 OONQUESTIO
473 1422 708 1498 HEINRIOI
733 1425 799 1498 IV.
826 1422 1171 1501 IMPERATORIS

336 1522 407 1598 AD
434 1523 726 1602 HEINRIOUM
752 1525 944 1601 FILIUM.

166 1722 254 1787 Proli
276 1723 409 1790 dilectae
431 1747 556 1790 summo
578 1734 671 1811 pater
692 1724 768 1790 exul
788 1725 821 1787 in
844 1723 921 1790 orbe

67 1887 68 1890 Ἴ
168 1806 330 1887 Querere²
350 1810 511 1891 virtutem,
535 1832 616 1897 quae
637 1808 693 1874 dat
736 1809 839 1874 ueeite
860 1807 1003 1874 salutem.

167 1889 249 1956 Cum
271 1891 415 1958 naturale
437 1903 560 1959 constet
580 1902 672 1959 natos
693 1832 844 1958 edomare

166 1975 289 2059 Patres,
311 1984 343 2041 et
364 1999 437 2041 eum
459 1979 503 2042 sis
524 1979 602 2043 mihi
623 1977 706 2042 filius
727 1979 840 2042 unicus
861 1977 963 2058 heres,

125 2075 141 2122 e
167 2060 267 2125 Miror
287 2061 372 2124 non¹³
393 2061 564 2145 modicum,
593 2063 664 2149 quis
685 2071 718 2126 te
739 2061 817 2126 mihi
838 2061 913 2126 fecit
934 2062 1089 2147 iniquum.

164 2144 205 2207 Iu
226 2167 278 2209 me
297 2152 430 2210 naturae
451 2147 558 2232 queris
579 2147 755 2212 contrarius
778 2168 857 2211 esee.

165 2228 253 2293 Exul
274 2250 353 2314 agor
373 2230 488 2315 patrie,
510 2240 546 2295 tu
568 2229 734 2297 delecteris
754 2232 789 2295 in
809 2228 873 2295 iile.

166 2310 197 2377 Ο
219 2313 330 2378 mitem
350 2313 474 2378 natum!
498 2316 569 2401 quie
590 2323 623 2379 te
643 2314 719 2379 feeit
740 2313 954 2379 sceleratum?

164 2396 207 2461 Ei
227 2397 321 2462 mihi!
344 2398 416 2484 quie
437 2406 561 2484 patrem
582 2407 807 2484 contempnere
828 2399 928 2463 suasit
948 2397 1126 2462 inermem?

105 2493 140 2544 10
165 2480 196 2547 Ο
217 2504 280 2564 ree,
301 2504 353 2547 ree
373 2482 471 2547 mira!
492 2505 579 2566 vere,
600 2505 676 2547 vere
696 2481 920 2567 reprobanda!

164 2564 283 2650 Queeo,
305 2566 378 2652 quie
400 2565 523 2631 audivit
543 2566 631 2650 haee,
653 2565 704 2631 vel
726 2567 797 2652 quie
819 2565 895 2631 talia
915 2566 1005 2647 vidit,

163 2646 314 2717 Gaudeat
334 2658 390 2716 ut⁰
409 2658 515 2734 natue,
536 2658 629 2737 pater
650 2648 726 2715 exul
747 2659 780 2715 et
800 2650 1008 2736 exagitatus?

162 2732 291 2821 Impiee
310 2734 495 2821 scripturos,
516 2757 568 2800 ree
589 2743 696 2820 gestas
717 2742 813 2821 atque
834 2735 974 2798 futures:

161 2816 346 2905 Numquam
367 2818 518 2905 reperies,
540 2819 618 2905 quin
639 2828 730 2904 peste
751 2820 852 2905 patrie
873 2817 949 2882 fleat
969 2818 1071 2882 heree.

100 2912 137 2963 le
161 2900 228 2969 Sed
248 2910 285 2967 tu
304 2902 441 2967 dietario
463 2901 504 2967 de
525 2902 738 2989 prosperitate
758 2903 910 2988 parentis.

218 2986 228 3003 '
266 2984 356 3052 dedit
376 2985 570 3073 exemplum,
592 3008 665 3050 oum
685 3007 751 3049 non
772 2986 869 3050 sitin
890 2985 966 3050 orbe
987 2993 1150 3070 repertum

288 3090 328 3135 ue
347 3068 424 3135 huie
444 3068 570 3135 simile?
612 3068 773 3150 Quidnam
781 3069 807 3151 ⁴¹,
829 3068 915 3154 quod
937 3067 1040 3132 eredis
1061 3066 1186 3134 habene

162 3152 246 3219 Eeee
266 3152 324 3217 diu
343 3161 449 3219 reotor
467 3162 505 3218 tu
525 3154 607 3219 tanti
628 3152 769 3216 oriminis
792 3152 924 3217 auctor?

161 3234 258 3303 Unde
278 3236 381 3303 eoelue
401 3237 551 3303 tentum?
592 3237 675 3301 Puto
697 3235 738 3301 de
758 3238 878 3322 pietate
899 3244 1078 3321 parentum.

112 3330 137 3381 '⁰
160 3318 254 3467 §uae
273 3320 334 3387 tibi
353 3320 492 3389 natura?
532 3321 601 3387 Nee
622 3329 725 3385 mater
746 3329 814 3385 eret
833 3320 891 3385 tibi
914 3319 1003 3398 dura,

192 3426 232 3471 ee
250 3418 366 3473 eevue⁰
386 3408 521 3493 genitor,
542 3406 633 3472 Deus
655 3412 704 3471 est
723 3405 802 3470 mihi
822 3405 913 3469 testis
936 3412 967 3467 et
988 3412 1099 3467 auetor
1122 3440 1160 3450 -

160 3486 279 3555 Neeeio
299 3489 341 3557 de
360 3499 463 3557 matre
487 3531 535 3575 -‚
555 3511 733 3576 numquam
754 3488 857 3554 earui‘
878 3488 1007 3573 pietate.

159 3570 251 3721 ἓιιὶᾱ
269 3574 332 3641 tibi
350 3575 493 3664 peceavi,
513 3576 577 3639 nisi
598 3573 685 3661 quod
706 3583 737 3639 te
758 3582 843 3638 totus
865 3571 972 3636 emovi

190 3664 207 3723 t
225 3659 330 3747 patrio
351 3682 441 3726 more
462 3659 565 3725 ditavi
585 3659 671 3746 regie
693 3657 837 3724 honore?

94 3748 133 3803 2⁸
157 3738 254 3809 Nune
273 3752 331 3845 tue
351 3746 549 3845 prosperitas
570 3743 656 3843 diros
677 3741 775 3842 infert
792 3741 871 3805 mihi
891 3761 1022 3840 poenas.

160 3822 192 3891 Ο
215 3830 339 3930 euperri
361 3837 450 3929 mrtrp
472 3851 554 3916 quoe
575 3826 654 3893 tella
673 3850 798 3927 premla
814 3826 933 3974 patrm!

160 3907 192 3976 Ο
212 3911 269 3997 fil1,
290 3912 347 3998 fih,
367 3912 447 3979 mihr
469 3935 565 4000 quam
586 3910 768 3979 duleiss1me
790 3911 812 3974 fi
842 3910 850 3972 i

160 3994 199 4062 Si
218 3996 280 4065 tibi
300 4007 376 4063 eunt
395 3999 532 4082 animus,
553 3995 707 4084 probitas,
729 3996 916 4076 reverentia,
938 3995 1069 4077 virtus„

85 4164 97 4200 ⁸
112 4170 194 4221 WB
207 4190 242 4233 ω
254 4192 314 4223 em.
329 4180 393 4225 Μ,
459 4179 485 4233 b)
500 4181 526 4221 tn
540 4192 573 4230 o.‚·
588 4191 645 4220 em.
659 4178 734 4229 Wao.;
754 4178 867 4218 Guadlaet
878 4189 902 4228 p.
911 4179 948 4218 46.
964 4177 1113 4216 immodicum
1128 4177 1198 4226 leym

100 4234 152 4273 ’Μ
161 4240 293 4287 m
302 4240 406 4291 mett.
450 4237 473 4291 ο)
490 4250 552 4280 nuno
562 4250 580 4280 a.
588 4252 597 4290 ,-
610 4250 668 4280 eor-r.
688 4237 751 4278 Warr.
805 4235 829 4287 d)
845 4238 907 4286 quod
922 4246 1047 4284 numquam
1064 4246 1095 4277 er.
1112 4236 1199 4278 habere

124 4294 196 4337 Η·
209 4308 243 4339 α
256 4298 325 4351 luera
339 4299 426 4349 pene.-
441 4298 521 4339 rtmtle
536 4298 617 4347 quod?
651 4297 770 4346 Numquid
792 4297 869 4337 eredis
884 4296 988 4344 habenej
1009 4294 1114 4336 habenae
1129 4296 1197 4346 ham·

137 4358 186 4395 U
198 4356 289 4399 m
302 4358 368 4400 din
382 4357 415 4400 17.
430 4356 607 4400 domm.
682 4357 705 4408 a)
721 4366 801 4396 tervua
816 4367 851 4407 a.,·
864 4367 923 4400 corr.
941 4354 1006 4396 Waer.
1066 4352 1153 4405 neavi
1169 4356 1198 4396 de

137 4408 151 4455 '.
165 4422 188 4457 υ.
203 4414 249 4469 u,-
263 4418 339 4461 matt
351 4416 442 4463 meae
455 4416 513 4459 een.
