2850 4920
187 386 204 441 8
398 383 547 438 omnen
565 386 615 437 DE
633 386 752 437 BELLO
772 386 960 439 saxomco.
997 388 1030 441 121
1048 389 1087 442 11.
1108 402 1112 411 ·

24 588 92 630 1οη,
271 553 414 639 Agmina
433 553 673 638 Wsngionum·
695 575 768 619 cum
789 554 905 620 robore
926 553 1164 641 Pentrorum»,

48 654 176 707 scursa
272 636 406 719 Suevos,
426 636 606 720 Lotherios,
629 638 754 724 equites
774 638 817 703 ad
838 636 923 703 bella
941 637 1094 721 valentes,

75 744 176 793 erasa.
229 735 246 785 s
272 720 334 785 His
356 722 526 786 comitatus
546 723 608 787 iter
626 742 687 786 rex
706 720 920 808 protendebat
941 720 984 785 ad
1003 721 1124 789 hostes.

270 805 369 869 Eius¹
393 813 429 869 ut
450 804 624 870 adventum
644 827 724 891 gens
746 805 849 871 audiit
867 804 922 870 illa
942 807 1199 893 propinqnum⁰‚

30 854 59 905 ss·
66 854 121 900 Asa.
130 856 175 906 111,

29 913 175 1022 “aaa
268 887 986 1038 tererestereres
1007 889 1132 960 Μ’·

268 1056 314 1121 Ut
335 994 457 1120 cunctgis
478 1057 571 1140 regui
590 994 704 1142 pridie
725 1079 785 1122 sua
803 1057 921 1121 nuncia
940 1014 1068 1122 seirent

207 1153 241 1201 10
269 1139 334 1220 Qui
354 1139 601 1225 proficiscentes,
623 1139 665 1204 ad
687 1149 854 1227 castraque
874 1141 1110 1226 pervenientes,

268 1223 396 1288 Primos
416 1221 549 1288 militiae
569 1224 656 1309 regis
678 1224 873 1310 comitesque
894 1224 1056 1310 ducesque

30 1307 125 1358 esse.
138 1310 174 1361 rt,
269 1305 505 1393 Pontificesque
525 1307 597 1393 pios
620 1306 813 1393 compellant
833 1306 969 1372 vocibus
989 1308 1081 1372 istis:

72 1368 123 1415 ⁴⁹⁹·
270 1388 311 1456 ‘O
333 1391 525 1489 provisores
538 1392 630 1475 regni
652 1391 801 1477 regisque
822 1390 966 1491 fideles·

268 1471 408 1539 Auxilns
428 1483 544 1540 vestus
565 1476 616 1538 usi
637 1497 697 1562 per
717 1496 874 1573 prospera
894 1497 995 1561 pacis,

206 1571 240 1620 15
265 1557 358 1623 Haec
379 1566 411 1622 et
433 1556 564 1623 consilio
586 1558 707 1624 vitare·
728 1558 871 1645 pencsda
891 1567 998 1623 vestro

268 1641 407 1728 Sperant
427 1650 594 1707 nostrates.
638 1640 701 1707 Oui
721 1651 837 1728 parent
856 1665 959 1728 usque
980 1640 1140 1728 volmtes,

266 1724 435 1791 Adversus
456 1748 566 1811 regem
588 1747 623 1791 se
644 1725 818 1812 deliquisse
838 1726 987 1792 fatentur.

269 1808 334 1875 Sed
358 1830 551 1897 quocunque
572 1809 668 1874 modo
691 1832 751 1874 vos
771 1809 869 1874 vultis
890 1811 958 1875 sive
979 1808 1108 1895 iubetis,

269 1892 376 1979 thue
397 1891 503 1980 placet
524 1894 602 1993 regi,
625 1902 701 1957 sunt
719 1892 800 1959 haec
820 1916 960 1980 purgare
981 1895 1097 1979 parati.

116 2023 118 2027 ψ
203 1990 238 2039 20
263 1976 359 2040 Hanc
379 1977 480 2060 igitur
499 1999 627 2041 vemem
649 1985 790 2063 prestate
811 1976 995 2063 petentibus
1016 1998 1129 2063 unam,

266 2058 313 2123 Ut
333 2080 392 2123 vos
414 2061 613 2143 conveniant,
634 2083 704 2125 rem
724 2060 817 2127 vobis
839 2061 951 2127 ordine
968 2060 1160 2160 pandaut¹;

267 2142 312 2206 Et
333 2141 522 2225 decernatis,
546 2143 623 2229 quid
644 2165 704 2208 vos
725 2144 786 2210 sibi
807 2145 1004 2231 precipiens.

267 2225 409 2291 Maiores
429 2235 583 2309 nostrum,
605 2229 718 2313 paucis
740 2237 866 2293 tantum
888 2229 1039 2311 comitati,

269 2309 344 2374 Huc
363 2333 466 2396 prope
488 2319 593 2376 cestra
613 2310 677 2378 fide
698 2321 806 2378 vestra
825 2334 953 2396 venere,
973 2321 1144 2379 manentes

208 2406 244 2456 at
269 2392 422 2458 Vestrum
443 2394 620 2477 consilium,
641 2404 784 2461 vestrum
806 2418 904 2483 snper
924 2397 1032 2461 omnia
1051 2397 1208 2473 iussum’.

314 2476 369 2542 Ad
391 2500 473 2565 quae
492 2479 646 2564 primates
666 2479 863 2566 respondent
882 2488 997 2545 cuncta
1040 2479 1148 2548 lanae

265 2561 359 2626 Haec
379 2561 532 2628 mandata
553 2562 625 2646 sibi,
647 2563 688 2629 de
710 2562 868 2650 colloquio
891 2563 986 2628 simul
1006 2502 1069 2628 ilis

264 2645 349 2710 Esse
370 2644 476 2711 locum
498 2646 652 2732 dandum,
674 2649 701 2711 si
722 2670 781 2713 rex
803 2650 990 2733 permittere
1010 2646 1120 2715 vellat

263 2729 310 2793 Et
331 2750 410 2795 mox
431 2740 596 2795 narrantes
617 2733 687 2815 regi
709 2732 870 2814 mandata,
891 2732 1059 2818 rogabant,

202 2826 237 2875 30
262 2812 309 2877 Ut
329 2812 360 2877 le
384 2821 508 2878 atornm
529 2813 624 2880 liceat
645 2815 707 2880 sibi
727 2814 828 2880 verba
848 2816 996 2915 probare.

263 2895 340 2982 Ipse
361 2835 428 2960 doli
449 2897 528 2962 nihil
548 2920 619 2963 esse
639 2907 738 2983 ratus,
761 2910 950 2985 permiserat
970 2898 1043 2964 illis.

263 2979 436 3044 Pontifices
456 2983 566 3065 igitur,
588 2982 705 3067 primif
727 2983 924 3070 comitesque
944 2983 1106 3069 ducesque

264 3062 490 3129 Conveniunti
511 3066 611 3129 iuncti
633 3065 818 3131 Saxonibus
839 3089 978 3154 aequore
1000 3067 1106 3153 campi
1114 3069 1139 3134 ⁴.

263 3146 408 3212 Plurima
430 3146 576 3213 Saxones
597 3149 639 3214 de
661 3148 800 3214 domno&
820 3172 896 3236 rege
919 3160 1098 3237 querentes,

202 3244 237 3293 ³5
264 3231 358 3295 Nunc
379 3231 582 3317 supradictas
604 3233 701 3297 etiam
723 3236 896 3300 meminere
919 3233 1074 3334 querelas,

264 3313 410 3394 Qualiter
429 3314 560 3401 impulsi
581 3317 762 3402 cepissenth
783 3318 861 3384 talia
880 3319 954 3401 nitr3

264 3396 526 3485 Compositisque
548 3398 630 3466 dolis
653 3401 700 3464 sic
720 3410 903 3486 pervertere
925 3411 1072 3489 potentes

263 3481 319 3545 Ex
340 3502 454 3567 aequo,
478 3492 607 3569 ceptum
629 3485 708 3571 quoi
730 3487 866 3573 quisque
886 3485 1039 3573 probaret
1061 3504 1184 3572 eorum,

180 3698 203 3752 a)
218 3699 293 3749 Vane.
301 3698 325 3742 1.
371 3698 395 3752 b)
411 3699 534 3751 &campas
548 3703 569 3742 1.
585 3696 710 3753 25'Beatss·
723 3708 742 3744 st
751 3702 900 3755 Gelasimus
912 3706 989 3746 Boias.
1001 3704 1142 3755 emptarum.
1197 3705 1221 3759 c)
1231 3710 1314 3759 prein-

178 3768 249 3809 qunm
265 3760 288 3802 i.
342 3758 366 3812 d)
382 3764 437 3799 arcs
452 3761 479 3811 83
499 3765 539 3800 aas
553 3771 607 3803 arce
622 3767 661 3802 aat
677 3766 727 3805 arte
741 3763 766 3803 ia
783 3764 794 3803 1
811 3764 942 3815 temporat.
999 3764 1022 3816 s)
1037 3763 1108 3804 vitari
1124 3758 1149 3814 a
1165 3764 1213 3805 tan
1227 3768 1311 3811 m.

178 3818 268 3859 neuter.
329 3816 349 3871 η
368 3819 485 3870 primique
500 3820 570 3860 ducas
587 3823 729 3871 comitesque
751 3822 774 3872 ἲς
798 3822 826 3872 et.
847 3822 879 3874 11,
902 3825 938 3864 lt.
1005 3820 1029 3873 ς)
1052 3823 1097 3862 alto
1119 3827 1202 3865 aeram.
1219 3832 1264 3867 ser.
1288 3826 1310 3870 i.

177 3876 203 3927 h)
219 3888 284 3928 casp.
301 3877 326 3928 ²3
344 3889 409 3929 cosp.
427 3880 447 3919 1.
508 3877 527 3932 t)
543 3874 604 3928 qnod
624 3878 704 3931 tvaim
719 3882 757 3921 πα
771 3880 799 3931 at.
821 3880 965 3934 moresbach,
981 3882 1119 3931 ‘Hadsttera
1135 3882 1224 3925 Jattd!
1241 3878 1310 3927 iiii.

179 4111 210 4176 i)
229 4112 306 4173 Quae
325 4120 409 4180 poeta
432 4135 457 4170 e.
478 4116 578 4170 eust.
601 4117 685 4168 tradit
707 4119 789 4170 mallo
810 4119 939 4183 differant
956 4137 974 4168 a
992 4118 1150 4171 narratione
1168 4118 1310 4175 tamara·

172 4202 203 4250 p·
233 4186 297 4236 202.
372 4188 401 4250 2)
431 4187 470 4256 Cf.
499 4188 567 4242 dea.
596 4189 656 4254 ΙΙΙ,
686 4191 752 4242 179:
777 4206 887 4259 remque
911 4193 1006 4245 ordina
1033 4193 1138 4260 pandox
1169 4192 1218 4259 Vr,
1242 4196 1306 4247 m.

176 4257 207 4324 3)
226 4256 311 4324 Apta
321 4259 488 4330 Geretaapea
500 4261 545 4315 die
560 4261 617 4315 Oct.-
631 4263 682 4323 205
702 4265 737 4331 as.
750 4263 844 4318 Lansd.
855 4282 884 4331 p.
906 4266 969 4318 202.
1043 4266 1075 4332 4)
1094 4265 1134 4333 (ἶν’.
1147 4264 1220 4321 ders.
1239 4268 1307 4335 VH,
1385 4244 1393 4305 l

178 4332 246 4381 781:
265 4347 380 4399 aequore
399 4337 495 4402 campi.
