2850 4920
224 329 258 376 26
412 327 638 388 OONQUESTIO
658 327 821 378 Hulruncl
841 328 887 377 lV.
907 325 1160 376 IMPERATORIS.

307 496 395 579 Ergo
418 518 504 578 cave,
526 495 627 558 nostri
648 518 689 558 ne
711 497 752 559 sit
774 497 906 560 mutatio
928 496 1027 579 regni.

246 596 280 642 60
307 579 424 644 Omnia
445 581 621 661 turbantur,
645 602 703 664 per
725 578 831 643 secula
852 590 964 643 cuncta
986 586 1140 664 parantur

310 664 376 745 Vis,
399 663 489 727 dolus
511 673 543 726 et
565 662 692 746 scelera,
714 686 799 726 nunc
821 674 895 728 sunt
915 663 1071 743 incendia,
1093 662 1196 745 furta3

307 747 370 811 Pro
393 749 510 811 virtute
532 749 587 830 pia
609 748 785 846 succeduni
806 771 952 846 quaeque
967 745 1102 894 pericla,

307 832 370 895 Pro
393 834 476 895 iusio
499 830 627 907 bellum,
673 855 708 895 ro
730 831 882 915 religione
905 832 967 895 due
992 854 1055 894 um.

307 915 401 980 Unde
432 915 571 1002 [coortaa
594 854 687 1003 maiia]
734 939 792 980 uae
816 925 897 999 sunt,
928 927 1019 979 tenus
1041 915 1101 980 hac
1123 917 1218 1002 quasi
1240 914 1351 981 clausa

246 1016 279 1063 65
307 1000 451 1082 Stabant,
475 1009 507 1063 ct
529 1000 640 1062 morito
662 938 824 1064 nudantur
845 1011 988 1085 tempore
1009 1010 1129 1065 nostro.

309 1084 433 1148 Scisma
454 1084 491 1146 fit
512 1082 680 1165 ecclcsiae3
702 1083 840 1146 mundus
863 1084 1011 1147 dissentit
1031 1082 1161 1168 ubique,

309 1166 421 1232 (ilcrus
444 1167 484 1231 dc
506 1164 609 1252 plebe,
631 1167 746 1266 vulgus
769 1168 809 1232 de
831 1167 1006 1232 nobilitate.

309 1250 414 1316 Omne
436 1252 525 1336 pium
546 1253 596 1314 ius
617 1251 800 1336 neghgitur,
822 1250 876 1316 lex
897 1251 969 1316 vilis
990 1250 1135 1315 habetur.

307 1335 384 1399 Iura
406 1335 605 1399 sacerdotum
626 1336 720 1423 pleps
744 1337 845 1482 miii
866 1336 967 1398 inscia
987 1334 1104 1482 Ιῐῖνιιω,

247 1435 281 1483 70
308 1420 457 1506 Baptizat
477 1419 602 1504 vulgus,
626 1429 807 1484 sacraturo
845 1420 959 1482 ismatc
980 1441 1002 1481 n
1036 1417 1096 1483 lus.

308 1505 378 1568 Lex
399 1506 455 1590 pia
476 1503 598 1568 deletur
619 1505 747 1589 penitus
771 1549 968 1571 .......
977 1504 990 1543 ¹³

308 1589 441 1653 Possem
464 1588 563 1653 multa
585 1589 684 1675 queri,
707 1588 734 1652 si
756 1587 852 1652 velles
877 1585 955 1675 [tu0]
979 1587 1131 1650 misereri.

307 1673 381 1737 Non
402 1682 494 1737 tenco
516 1672 672 1754 lacrimas,
695 1671 772 1735 dum
795 1681 945 1757 computo
967 1693 1018 1734 res
1040 1671 1253 1738 miserandas.

307 1757 375 1822 Ista
395 1767 525 1821 movent
546 1766 578 1820 et
599 1769 640 1839 te,
662 1757 725 1819 nisi
746 1757 774 1818 si
796 1777 905 1820 careas
927 1757 1058 1839 pietate.

247 1857 280 1904 75
306 1840 386 1921 Quis
408 1851 505 1939 neget
526 1840 605 1905 hacc
625 1839 724 1905 flere?
765 1839 927 1921 Miserere,
951 1860 1073 1923 precor,
1096 1840 1269 1906 miserere!

308 1925 377 1989 Iam
399 1924 477 1988 nihil
499 1925 640 2003 offertur,
661 1945 722 1987 nec
742 1925 840 1988 missa
860 1924 932 1987 Deo
955 1921 1142 1988 celebratur.

308 2009 435 2071 Mistica
454 2030 548 2071 nemo
570 2007 653 2089 coiit,
675 2030 769 2072 nemo
791 2008 869 2090 legit
890 2017 945 2071 aut
966 2007 1067 2091 canit,
1090 2016 1122 2073 et
1144 2009 1234 2093 quid,

311 2090 464 2173 Obsecro,
487 2091 676 2173 mirandum,
699 2114 772 2155 cum
795 2093 895 2156 virtus
917 2091 1054 2173 deficiat,
1076 2114 1149 2155 cum

309 2175 404 2240 Desit
425 2175 618 2260 apostolicus
639 2175 733 2260 legali
755 2223 952 2240 .......
960 2176 984 2258 ⁶,

247 2275 281 2322 80
306 2260 360 2322 Ex
381 2261 470 2323 cuius
491 2262 611 2324 meritis
633 2261 780 2344 vigeante
802 2283 869 2346 pax
891 2268 923 2324 ct
944 2268 1045 2324 status
1067 2258 1163 2324 orbis.

311 2344 366 2408 Sic
386 2345 469 2409 inter
489 2346 582 2409 mites
606 2345 729 2430 spargit
750 2343 910 2410 discordia
931 2343 1012 2424 lites,

310 2427 393 2494 Cum
415 2452 473 2515 per
493 2440 632 2493 rectores
654 2438 789 2514 pereunt
809 2429 936 2493 virtutis
959 2428 1104 2493 honores.

310 2513 375 2577 Sed
396 2522 486 2598 puto,
508 2515 554 2576 sic
574 2514 666 2578 faris:
689 2513 796 2577 ‘Venit
817 2514 877 2577 hoc
898 2536 939 2576 ex
961 2512 1092 2576 crimine
1113 2511 1235 2599 patris'.

311 2596 390 2660 Sum
412 2598 546 2662 carnaiis
569 2621 629 2683 ego
654 2635 692 2644 -
715 2599 796 2662 vivit
817 2599 885 2661 sine
907 2597 1037 2661 crimine
1058 2618 1153 2661 nemo
1177 2635 1217 2644 -

247 2697 281 2746 85
307 2681 351 2744 Et
372 2705 423 2746 mc
446 2704 595 2768 peccasse
618 2683 728 2762 fatcor,
751 2683 807 2746 scd
830 2703 939 2768 queso,
963 2680 1040 2767 quid
1062 2680 1105 2744 ad
1126 2680 1185 2744 te?

309 2766 382 2829 Non
403 2765 683 2851 reprehendendus
703 2789 764 2831 nec
786 2789 874 2831 eram
896 2766 955 2829 tibi
976 2764 1206 2849 corripiendus,

310 2849 384 2931 Qui,
405 2851 468 2913 nisi
488 2850 668 2931 Factorem,
691 2853 787 2914 statui
809 2850 887 2913 mihi
909 2871 1068 2935 quemque
1089 2849 1247 2913 minorem

310 2933 456 3015 Nomine,
479 2957 543 2998 non
565 2937 688 3000 merito.
733 2934 857 3013 Quodsi
878 2934 927 2998 vis
948 2931 1065 3018 pellere
1086 2954 1186 3017 regno

309 3018 363 3082 Me
383 3028 592 3103 peccatorem,
616 3040 768 3104 spernens
790 3019 918 3104 pictatis
940 3038 1091 3100 amorem,

248 3118 282 3166 90
310 3101 452 3166 Obsecro
475 3112 506 3167 tc
528 3125 681 3188 pereum
704 3103 758 3187 qui
780 3125 831 3166 sce
856 3111 906 3164 tra
926 3103 1010 3184 regit
1032 3122 1231 3187 superorum,

309 3187 363 3250 Da
384 3184 496 3250 saltem
516 3188 681 3250 minimam
703 3208 821 3272 respon
844 3185 917 3250 endi
938 3185 1016 3248 mihi
1037 3208 1176 3250 causam.

310 3270 434 3334 Forsan
455 3281 491 3334 ut
512 3280 728 3357 expurgatus¹
754 3309 792 3318 -
816 3270 907 3335 adesi
928 3268 987 3333 tibi
1008 3269 1104 3334 turba
1125 3279 1256 3334 senatus
1279 3311 1320 3320 -

310 3354 473 3418 Restituar
493 3378 603 3440 regno,
625 3356 694 3438 tibi,
715 3365 799 3437 nate,
822 3356 899 3420 satis
921 3353 1077 3418 faciendo.

311 3437 436 3519 Quodsi
457 3441 578 3524 privari
599 3463 650 3504 me
672 3462 771 3525 regno
793 3439 999 3538 proposuisti,

248 3539 283 3588 95
308 3522 493 3610 Expulsum
515 3525 629 3589 misere
652 3525 720 3588 sinc
741 3546 811 3588 vcr1
832 3523 1022 3604 conditione,

227 3732 250 3786 ι)
265 3735 328 3776 uada
347 3734 438 3774 inducie
458 3734 560 3774 wascum
579 3735 657 3774 cocao
679 3734 762 3784 capiere
782 3737 873 3773 conatus
895 3744 950 3772 rum.
1010 3730 1034 3782 b)
1050 3732 1170 3771 lomacio
1185 3743 1215 3780 c.,·
1234 3733 1348 3774 cunm

223 3807 247 3844 p.
264 3796 300 3843 46,
319 3806 342 3835 a.
360 3795 380 3836 2.
403 3795 458 3834 male
473 3794 589 3844 supplevit.-
607 3795 644 3833 ius
660 3795 809 3834 dilaceratur.
870 3789 891 3843 c)
907 3793 963 3831 deest
980 3802 1011 3841 c.,·
1025 3792 1130 3841 supplevit
1144 3790 1206 3831 Watt.
1275 3791 1300 3844 d)
1315 3793 1347 3832 lo-

226 3865 284 3894 mna
305 3855 330 3894 iu
349 3865 383 3903 c.,·
408 3860 470 3904 pom
490 3854 590 3903 supplere
610 3854 660 3893 iure
683 3857 785 3902 creatus3
813 3851 878 3890 nimis
899 3852 982 3901 inepte,
1002 3862 1089 3889 censam
1109 3856 1128 3889 et
1148 3861 1233 3889 versum
1253 3851 1347 3900 laudem,

226 3914 331 3964 supplevit
347 3913 459 3954 Guadlooh
470 3923 497 3962 p.
510 3913 547 3960 46,
562 3923 585 3952 a.
603 3915 628 3951 1:
643 3912 745 3962 principi
759 3911 834 3960 regul.
894 3910 916 3962 c)
933 3911 1014 3958 {ugera
1029 3921 1060 3960 a‚·
1074 3921 1131 3952 corr.
1151 3909 1214 3949 Wctt.

229 4079 257 4146 1)
276 4081 317 4148 CJ.
331 4082 406 4148 epist.
418 4080 542 4134 Heinrici
559 4079 623 4146 imp.
644 4081 681 4131 cd
693 4079 847 4145 Philippum
864 4095 952 4146 repam
970 4081 987 4129 l.
1009 4078 1041 4129 l.:
1058 4084 1088 4129 ut
1107 4079 1181 4128 iocus
1198 4084 1224 4128 ct
1242 4085 1348 4144 tempus

227 4155 292 4205 mihi
305 4157 419 4220 daretur,
438 4157 484 4207 ubi
502 4157 530 4206 in
543 4154 697 4221 praesentia
709 4155 827 4205 omnium
846 4154 1005 4219 principum,
1023 4152 1095 4202 unde
1109 4153 1238 4202 innocens
1252 4169 1347 4219 essem,

229 4243 261 4278 cx
279 4229 378 4280 iudicio
398 4231 516 4279 omnium
535 4245 578 4279 ms
598 4243 785 4292 expurgarem5
806 4226 880 4291 epist.
893 4223 1017 4277 Heinrici
1037 4225 1074 4276 cd
1087 4223 1233 4292 principes,
1259 4225 1295 4277 W.
1315 4226 1349 4279 de

229 4299 402 4365 Giecelmcht,
422 4300 467 4355 ι1).
487 4301 552 4354 ΚΖ.’
571 4301 631 4365 ΙΙΙ,
650 4299 764 4352 Ducum.
786 4294 852 4351 16¹³.
